<?xml version="1.0" encoding="UTF-8"?>
<record xmlns="http://www.loc.gov/MARC21/slim" xmlns:xsi="http://www.w3.org/2001/XMLSchema-instance" xsi:schemaLocation="http://www.loc.gov/MARC21/slim http://www.loc.gov/standards/marcxml/schema/MARC21slim.xsd">
<leader>00000cam a22      a 4500</leader>
<controlfield tag="001">001699420</controlfield>
<controlfield tag="003">NNU</controlfield>
<controlfield tag="005">20150403163505.0</controlfield>
<controlfield tag="008">070706s1957    ir       b    000 0 ara d</controlfield>
<datafield tag="010" ind1=" " ind2=" ">
<subfield code="a">  2007555960</subfield>
</datafield>
<datafield tag="035" ind1=" " ind2=" ">
<subfield code="a">(OCoLC)153778922</subfield>
<subfield code="z">(OCoLC)27113682</subfield>
</datafield>
<datafield tag="040" ind1=" " ind2=" ">
<subfield code="a">NN</subfield>
<subfield code="b">eng</subfield>
<subfield code="c">NYP</subfield>
<subfield code="d">DLC</subfield>
<subfield code="d">OCLCO</subfield>
<subfield code="d">NNU</subfield>
</datafield>
<datafield tag="041" ind1="0" ind2=" ">
<subfield code="a">ara</subfield>
<subfield code="b">per</subfield>
</datafield>
<datafield tag="042" ind1=" " ind2=" ">
<subfield code="a">lccopycat</subfield>
</datafield>
<datafield tag="043" ind1=" " ind2=" ">
<subfield code="a">a-ir---</subfield>
</datafield>
<datafield tag="050" ind1="0" ind2="0">
<subfield code="a">PJ8123</subfield>
<subfield code="b">.A33 1957</subfield>
</datafield>
<datafield tag="245" ind1="0" ind2="0">
<subfield code="6">880-01</subfield>
<subfield code="a">ʻAdad min bulaghāʼ Īrān fī lughat al-ʻArab :</subfield>
<subfield code="b">wa-nukhab min āthārihim /</subfield>
<subfield code="c">[jamaʻahā] Qāsim Tūysirkānī.</subfield>
</datafield>
<datafield tag="260" ind1=" " ind2=" ">
<subfield code="6">880-02</subfield>
<subfield code="a">Ṭihrān :</subfield>
<subfield code="b">Chāpikhānah-ʼi Dānishgāh,</subfield>
<subfield code="c">1336 [1957].</subfield>
</datafield>
<datafield tag="300" ind1=" " ind2=" ">
<subfield code="a">11, 190 p. ;</subfield>
<subfield code="c">24 cm.</subfield>
</datafield>
<datafield tag="490" ind1="1" ind2=" ">
<subfield code="6">880-03</subfield>
<subfield code="a">Intishārāt-i Dānishgāh-i Tihrān ;</subfield>
<subfield code="v">402</subfield>
</datafield>
<datafield tag="546" ind1=" " ind2=" ">
<subfield code="a">In Arabic; introd. in Persian.</subfield>
</datafield>
<datafield tag="504" ind1=" " ind2=" ">
<subfield code="a">Includes bibliographical references.</subfield>
</datafield>
<datafield tag="650" ind1=" " ind2="0">
<subfield code="a">Arabic literature</subfield>
<subfield code="z">Iran.</subfield>
</datafield>
<datafield tag="650" ind1=" " ind2="0">
<subfield code="a">Arabic literature</subfield>
<subfield code="x">Persian authors.</subfield>
</datafield>
<datafield tag="650" ind1=" " ind2="0">
<subfield code="a">Arabic poetry</subfield>
<subfield code="z">Iran.</subfield>
</datafield>
<datafield tag="650" ind1=" " ind2="0">
<subfield code="a">Poets, Arab</subfield>
<subfield code="z">Iran.</subfield>
</datafield>
<datafield tag="700" ind1="1" ind2=" ">
<subfield code="a">Tūysirkānī, Qāsim</subfield>
<subfield code="6">880-04</subfield>
</datafield>
<datafield tag="776" ind1="0" ind2="8">
<subfield code="i">Online version:</subfield>
<subfield code="t">ʻAdad min bulaghāʼ Īrān fī lughat al-ʻArab.</subfield>
<subfield code="d">Ṭihrān : Chāpikhānah-ʼi Dānishgāh, 1336 [1957]</subfield>
<subfield code="w">(OCoLC)824688988</subfield>
</datafield>
<datafield tag="880" ind1="0" ind2="0">
<subfield code="6">245-01/</subfield>
<subfield code="a">عدد من بلغاء ايران في لغة العرب :</subfield>
<subfield code="b">ونخب من آثارهم /</subfield>
<subfield code="c">[جمعها] قاسم تويسركاني.</subfield>
</datafield>
<datafield tag="880" ind1=" " ind2=" ">
<subfield code="6">260-02/</subfield>
<subfield code="a">طهران :</subfield>
<subfield code="b">چاپخانۀ دانشگاه،</subfield>
<subfield code="c">1336 [1957].</subfield>
</datafield>
<datafield tag="880" ind1="1" ind2=" ">
<subfield code="6">490-03/</subfield>
<subfield code="a">انتشارات دانشگاه تهران ؛</subfield>
<subfield code="v">402</subfield>
</datafield>
<datafield tag="880" ind1="1" ind2=" ">
<subfield code="6">700-04/</subfield>
<subfield code="a">تويسركاني، قاسم.</subfield>
</datafield>
<datafield tag="830" ind1=" " ind2="0">
<subfield code="a">Publications de l'Université de Tehran ;</subfield>
<subfield code="v">no.402.</subfield>
</datafield>
<datafield tag="OWN" ind1=" " ind2=" ">
<subfield code="a">GENERAL</subfield>
</datafield>
<datafield tag="AVA" ind1=" " ind2=" ">
<subfield code="a">NYU50</subfield>
<subfield code="b">BOBST</subfield>
<subfield code="c">Main Collection</subfield>
<subfield code="d">PK6413 .T6 1957</subfield>
<subfield code="e">unavailable</subfield>
<subfield code="t">Unavailable</subfield>
<subfield code="f">1</subfield>
<subfield code="g">1</subfield>
<subfield code="h">N</subfield>
<subfield code="i">0</subfield>
<subfield code="j">MAIN</subfield>
<subfield code="k">0</subfield>
</datafield>
</record>
